<?xml version="1.0" encoding="UTF-8"?>
<marc:collection xmlns:marc="http://www.loc.gov/MARC21/slim" xmlns:xsi="http://www.w3.org/2001/XMLSchema-instance" xsi:schemaLocation="http://www.loc.gov/MARC21/slim http://www.loc.gov/standards/marcxml/schema/MARC21slim.xsd">
    <marc:record>
        <marc:leader>02013cam a22004931  4500</marc:leader>
        <marc:controlfield tag="001">7</marc:controlfield>
        <marc:controlfield tag="005">20191029084052.0</marc:controlfield>
        <marc:controlfield tag="008">860224s1968    nyua     b    000 0 eng  </marc:controlfield>
        <marc:datafield tag="010" ind1=" " ind2=" ">
            <marc:subfield code="a">   68026053//r84 </marc:subfield>
        </marc:datafield>
        <marc:datafield tag="020" ind1=" " ind2=" ">
            <marc:subfield code="c">$5.00</marc:subfield>
        </marc:datafield>
        <marc:datafield tag="035" ind1=" " ind2=" ">
            <marc:subfield code="a">(CStRLIN)NYCX86B22791</marc:subfield>
        </marc:datafield>
        <marc:datafield tag="035" ind1=" " ind2=" ">
            <marc:subfield code="a">(NIC)notisAAA0005</marc:subfield>
        </marc:datafield>
        <marc:datafield tag="035" ind1=" " ind2=" ">
            <marc:subfield code="a">(OCoLC)1464629</marc:subfield>
        </marc:datafield>
        <marc:datafield tag="035" ind1=" " ind2=" ">
            <marc:subfield code="a">7</marc:subfield>
        </marc:datafield>
        <marc:datafield tag="040" ind1=" " ind2=" ">
            <marc:subfield code="d">NIC</marc:subfield>
        </marc:datafield>
        <marc:datafield tag="043" ind1=" " ind2=" ">
            <marc:subfield code="a">n-us-ny</marc:subfield>
            <marc:subfield code="a">n-us-nj</marc:subfield>
        </marc:datafield>
        <marc:datafield tag="050" ind1="0" ind2=" ">
            <marc:subfield code="a">NA7235.N7</marc:subfield>
            <marc:subfield code="b">H62 1968</marc:subfield>
        </marc:datafield>
        <marc:datafield tag="082" ind1="0" ind2=" ">
            <marc:subfield code="a">974.9</marc:subfield>
        </marc:datafield>
        <marc:datafield tag="100" ind1="1" ind2=" ">
            <marc:subfield code="a">Bailey, Rosalie Fellows,</marc:subfield>
            <marc:subfield code="d">1908-1991.</marc:subfield>
        </marc:datafield>
        <marc:datafield tag="245" ind1="1" ind2="0">
            <marc:subfield code="a">Pre-revolutionary Dutch houses and families in northern New Jersey and southern New York.</marc:subfield>
            <marc:subfield code="c">With a new foreword by the author. With an introd. by Franklin D. Roosevelt. Photography by Margaret De M. Brown.</marc:subfield>
        </marc:datafield>
        <marc:datafield tag="260" ind1=" " ind2=" ">
            <marc:subfield code="a">New York,</marc:subfield>
            <marc:subfield code="b">Dover Publications</marc:subfield>
            <marc:subfield code="c">[1968]</marc:subfield>
        </marc:datafield>
        <marc:datafield tag="300" ind1=" " ind2=" ">
            <marc:subfield code="a">612 p.</marc:subfield>
            <marc:subfield code="b">illus.</marc:subfield>
            <marc:subfield code="c">24 cm.</marc:subfield>
        </marc:datafield>
        <marc:datafield tag="500" ind1=" " ind2=" ">
            <marc:subfield code="a">Prepared for the Holland Society of New York.</marc:subfield>
        </marc:datafield>
        <marc:datafield tag="500" ind1=" " ind2=" ">
            <marc:subfield code="a">A companion volume to Dutch houses in the Hudson Valley before 1776 by H.W. Reynolds published in 1929.</marc:subfield>
        </marc:datafield>
        <marc:datafield tag="504" ind1=" " ind2=" ">
            <marc:subfield code="a">Bibliography: p. 583-584.</marc:subfield>
        </marc:datafield>
        <marc:datafield tag="856" ind1=" " ind2="7">
            <marc:subfield code="a">New York (State)</marc:subfield>
            <marc:subfield code="u">fast</marc:subfield>
            <marc:subfield code="z">(OCoLC)fst01210280</marc:subfield>
        </marc:datafield>
        <marc:datafield tag="710" ind1="2" ind2=" ">
            <marc:subfield code="a">Holland Society of New York.</marc:subfield>
        </marc:datafield>
        <marc:datafield tag="740" ind1="0" ind2=" ">
            <marc:subfield code="a">Dutch houses and families.</marc:subfield>
        </marc:datafield>
        <marc:datafield tag="905" ind1=" " ind2=" ">
            <marc:subfield code="a">19880603120000.0</marc:subfield>
        </marc:datafield>
        <marc:datafield tag="948" ind1="2" ind2=" ">
            <marc:subfield code="a">20151213</marc:subfield>
            <marc:subfield code="b">m</marc:subfield>
            <marc:subfield code="d">batch</marc:subfield>
            <marc:subfield code="e">lts</marc:subfield>
            <marc:subfield code="x">WorldShare</marc:subfield>
        </marc:datafield>
        <marc:datafield tag="950" ind1=" " ind2=" ">
            <marc:subfield code="l">FINE</marc:subfield>
            <marc:subfield code="a">NA7235.N7</marc:subfield>
            <marc:subfield code="b">B15 1968</marc:subfield>
            <marc:subfield code="f">BASIC</marc:subfield>
            <marc:subfield code="i">02/24/86 N</marc:subfield>
        </marc:datafield>
    </marc:record>
</marc:collection>
